
        <marcx:record format="danMARC2" type="BibliographicMain">
            <marcx:leader>00000namh 22000000  4500</marcx:leader>
            <marcx:datafield ind1="0" ind2="0" tag="001">
                <marcx:subfield code="a">28395272</marcx:subfield>
                <marcx:subfield code="b">870970</marcx:subfield>
                <marcx:subfield code="c">20181124142726</marcx:subfield>
                <marcx:subfield code="d">20100823</marcx:subfield>
                <marcx:subfield code="f">a</marcx:subfield>
            </marcx:datafield>
            <marcx:datafield ind1="0" ind2="0" tag="004">
                <marcx:subfield code="r">n</marcx:subfield>
                <marcx:subfield code="a">h</marcx:subfield>
            </marcx:datafield>
            <marcx:datafield ind1="0" ind2="0" tag="008">
                <marcx:subfield code="b">dk</marcx:subfield>
                <marcx:subfield code="d">x</marcx:subfield>
                <marcx:subfield code="j">f</marcx:subfield>
                <marcx:subfield code="l">dan</marcx:subfield>
                <marcx:subfield code="o">b</marcx:subfield>
                <marcx:subfield code="v">0</marcx:subfield>
            </marcx:datafield>
            <marcx:datafield ind1="0" ind2="0" tag="009">
                <marcx:subfield code="a">a</marcx:subfield>
                <marcx:subfield code="g">xx</marcx:subfield>
            </marcx:datafield>
            <marcx:datafield ind1="0" ind2="0" tag="100">
                <marcx:subfield code="a">Kꜳberbøl</marcx:subfield>
                <marcx:subfield code="h">Lene</marcx:subfield>
                <marcx:subfield code="4">aut</marcx:subfield>
            </marcx:datafield>
            <marcx:datafield ind1="0" ind2="0" tag="245">
                <marcx:subfield code="a">Vildheks</marcx:subfield>
            </marcx:datafield>
            <marcx:datafield ind1="0" ind2="0" tag="260">
                <marcx:subfield code="a">Kbh.</marcx:subfield>
                <marcx:subfield code="b">Alvilda</marcx:subfield>
                <marcx:subfield code="c">2010-</marcx:subfield>
            </marcx:datafield>
            <marcx:datafield ind1="0" ind2="0" tag="300">
                <marcx:subfield code="a">bind</marcx:subfield>
            </marcx:datafield>
            <marcx:datafield ind1="0" ind2="0" tag="526">
                <marcx:subfield code="a">Hertil findes supplerende materiale på bogens hjemmeside</marcx:subfield>
            </marcx:datafield>
            <marcx:datafield ind1="0" ind2="0" tag="652">
                <marcx:subfield code="n">86</marcx:subfield>
                <marcx:subfield code="z">096</marcx:subfield>
            </marcx:datafield>
            <marcx:datafield ind1="0" ind2="0" tag="652">
                <marcx:subfield code="o">sk</marcx:subfield>
            </marcx:datafield>
            <marcx:datafield ind1="0" ind2="0" tag="666">
                <marcx:subfield code="0"/>
                <marcx:subfield code="u">for 10 år</marcx:subfield>
            </marcx:datafield>
            <marcx:datafield ind1="0" ind2="0" tag="666">
                <marcx:subfield code="0"/>
                <marcx:subfield code="u">for 11 år</marcx:subfield>
            </marcx:datafield>
            <marcx:datafield ind1="0" ind2="0" tag="666">
                <marcx:subfield code="0"/>
                <marcx:subfield code="u">for 12 år</marcx:subfield>
            </marcx:datafield>
            <marcx:datafield ind1="0" ind2="0" tag="666">
                <marcx:subfield code="0"/>
                <marcx:subfield code="u">for 13 år</marcx:subfield>
            </marcx:datafield>
            <marcx:datafield ind1="0" ind2="0" tag="666">
                <marcx:subfield code="0"/>
                <marcx:subfield code="u">for 14 år</marcx:subfield>
            </marcx:datafield>
            <marcx:datafield ind1="0" ind2="0" tag="666">
                <marcx:subfield code="0"/>
                <marcx:subfield code="s">fantasy</marcx:subfield>
            </marcx:datafield>
            <marcx:datafield ind1="0" ind2="0" tag="666">
                <marcx:subfield code="0"/>
                <marcx:subfield code="s">hekse</marcx:subfield>
            </marcx:datafield>
            <marcx:datafield ind1="0" ind2="0" tag="666">
                <marcx:subfield code="0"/>
                <marcx:subfield code="s">dyr</marcx:subfield>
            </marcx:datafield>
            <marcx:datafield ind1="0" ind2="0" tag="666">
                <marcx:subfield code="0"/>
                <marcx:subfield code="s">piger</marcx:subfield>
            </marcx:datafield>
            <marcx:datafield ind1="0" ind2="0" tag="720">
                <marcx:subfield code="o">Anders Walter</marcx:subfield>
                <marcx:subfield code="4">ill</marcx:subfield>
            </marcx:datafield>
            <marcx:datafield ind1="0" ind2="0" tag="720">
                <marcx:subfield code="o">Jens Trasborg</marcx:subfield>
                <marcx:subfield code="4">edt</marcx:subfield>
            </marcx:datafield>
            <marcx:datafield ind1="0" ind2="0" tag="900">
                <marcx:subfield code="a">Kꜳberbøl</marcx:subfield>
                <marcx:subfield code="z">100</marcx:subfield>
            </marcx:datafield>
            <marcx:datafield ind1="0" ind2="0" tag="996">
                <marcx:subfield code="a">DBC</marcx:subfield>
            </marcx:datafield>
        </marcx:record>